@MISC{def:cfd,
 title = {{Contract for Difference}},
 author = {Investopedia},
 howpublished = {\url{http://www.investopedia.com/terms/c/contractfordifferences.asp}}
}

@MISC{mfglobal,
 title = {{MF Global}},
 howpublished = {\url{http://www.forbes.com/sites/francinemckenna/2012/07/16/auditors-all-fall-down-pfgbest-and-mf-global-frauds-reveal-weak-watchdogs/}},
}

@MISC{mtgox,
 title = {{Mt. Gox}},
 howpublished = {\url{http://www.wired.com/2014/03/bitcoin-exchange/}},
}

@MISC{bitstamp,
 title = {BitStamp},
 howpublished = {\url{http://www.coindesk.com/bitstamp-claims-roughly-19000-btc-lost-hot-wallet-hack/}},
}

@MISC{coinbase,
 title = {{Coinbase}},
 howpublished = {\url{http://coinbase.com}},
}

@MISC{ct:compliance,
 title = {Coinbase Case Demonstrates the Pitfalls of Regulatory Compliance},
 author = {Coinbase},
 howpublished = {\url{http://cointelegraph.com/news/112319/coinbase-case-demonstrate-the-pitfalls-of-regulatory-compliance}},
}

@MISC{bm:stable:impossible,
 title = {Stable Currencies are Impractical and Undesirable},
 author = {Daniel Larimer},
 howpublished ={\url{http://bytemaster.github.io/article/2014/12/31/Stable-Crypto-Currencies-are-Impossible/}},
}

@MISC{altTrade,
 title = {{Alternative Trading System}},
 author = {Wikipedia},
 howpublished ={\url{http://en.wikipedia.org/wiki/Alternative\_trading\_system}},
}
@MISC{wiki_pm,
 title = {{Prediction Market}},
 author = {Wikipedia},
 howpublished ={\url{http://en.wikipedia.org/wiki/Prediction\_market}},
}

@MISC{btst:oldwp,
 title = {{Creating a Fiat/Bitcoin Exchange without Fiat Deposits.}},
 author = {{Daniel Larimer}},
 howpublished = {\url{https://bitcointalk.org/index.php?topic=223747.0}},
}

@MISC{ltb:dac,
 title = {{Overpaying for Security}},
 author = {{Daniel Larimer}},
 howpublished = {\url{http://letstalkbitcoin.com/is-bitcoin-overpaying-for-false-security/#.Ui-p9WTFT7s}},
}

@MISC{ltb:robotics,
 title = {{Bitcoin and the Three Laws of Robotics}},
 author = {{Daniel Larimer}},
 howpublished = {\url{http://letstalkbitcoin.com/bitcoin-and-the-three-laws-of-robotics/}},
}

@MISC{fmv,
 title = {{Follow My Vote}},
 author = {{Adam Ernest}},
 howpublished = {\url{http://followmyvote.com}},
}

@MISC{peertracks,
 title = {{Follow My Vote}},
 author = {{C{\'e}dric Cobban}},
 howpublished = {\url{http://peertracks.com}},
}

@MISC{play,
 title = {{DACPlay}},
 howpublished = {\url{http://dacPLAY.org}},
}

@MISC{ripple:multisig,
 title = {{Multisig / Transaction Proposal}},
 author ={{Ripple Labs}},
 howpublished ={\url{https://wiki.ripple.com/Multisign#Transaction_Proposal}},
}

@MISC{blindSigPaper,
 title = {{Blind signatures for Bitcoin transactions (second draft)}},
 author = {{Oleg Andreev}},
 howpublished = {\url{http://oleganza.com/blind-ecdsa-draft-v2.pdf}},
}









@ARTICLE{bts:financial,
 title = {{BitShares 2.0: Financial Smart Contract Platform}},
 journal = {{BitShares Whitepapers}},
 year = 2015,
}










% Bitcoin whitepaper: http://bitcoin.org/bitcoin.pdf
% Ethereum: https://github.com/ethereum/wiki/wiki/White-Paper
% Intrinsic value: http://bitcoinmagazine.com/8640/an-exploration-of-intrinsic-value-what-it-is-why-bitcoin-doesnt-have-it-and-why-bitcoin-does-have-it/
% Smart property: https://en.bitcoin.it/wiki/Smart_Property
% Smart contracts: https://en.bitcoin.it/wiki/Contracts
% B-money: http://www.weidai.com/bmoney.txt
% Reusable proofs of work: http://www.finney.org/~hal/rpow/
% Secure property titles with owner authority: http://szabo.best.vwh.net/securetitle.html
% Namecoin: https://namecoin.org/
% Zooko's triangle: http://en.wikipedia.org/wiki/Zooko's_triangle
% Colored coins whitepaper: https://docs.google.com/a/buterin.com/document/d/1AnkP_cVZTCMLIzw4DvsW6M8Q2JC0lIzrTLuoWu2z1BE/edit
% Mastercoin whitepaper: https://github.com/mastercoin-MSC/spec
% Decentralized autonomous corporations, Bitcoin Magazine: http://bitcoinmagazine.com/7050/bootstrapping-a-decentralized-autonomous-corporation-part-i/
% Simplified payment verification: https://en.bitcoin.it/wiki/Scalability#Simplifiedpaymentverification
% Merkle trees: http://en.wikipedia.org/wiki/Merkle_tree
% Patricia trees: http://en.wikipedia.org/wiki/Patricia_tree
% GHOST: http://www.cs.huji.ac.il/~avivz/pubs/13/btc_scalability_full.pdf
% StorJ and Autonomous Agents, Jeff Garzik: http://garzikrants.blogspot.ca/2013/01/storj-and-bitcoin-autonomous-agents.html
% Mike Hearn on Smart Property at Turing Festival: http://www.youtube.com/watch?v=Pu4PAMFPo5Y
% Ethereum Merkle Patricia trees: https://github.com/ethereum/wiki/wiki/%5BEnglish%5D-Patricia-Tree
% Peter Todd on Merkle sum trees: http://sourceforge.net/p/bitcoin/mailman/message/31709140/


